@misc{1,
  title={Water - Density Viscosity Specific Weight},
  author={{Engineering Toolbox}},
  howpublished={\url{https://www.engineeringtoolbox.com/water-properties-d_1573.html}},
  note={Accessed on [Date]}
}
@article{2,
  title={The Dielectric Constant of Water and Debye-H{\"u}ckel Limiting Law Slopes},
  author={Archer, G. G. and Wang, P.},
  journal={Journal of Physical and Chemical Reference Data},
  volume={19},
  number={2},
  pages={371--411},
  year={1990},
  publisher={AIP Publishing}
}
@article{3,
 author = {阮秀琴，尹家卉},
 title = {氢氧化铁胶体制备与性质实验的改进},
 journal = {化学教育},
 volume = {36},
 number = {29-31},
 year = {2015},
 issn = {1003-3807},
 doi ={10.13884/j.1003-3807hxjy.2014080033}
 }
@article{4,
 author = {程宏英,夏嗣禹,周宇杰,魏杰,董延茂},
 title = {氢氧化铁溶胶制备条件对其电泳等性能的影响},
 journal = {大学化学},
 volume = {34},
 number = {79-84},
 year = {2019},
 issn = {1000-8438},
 doi ={}
 }
