@article{1,
	title={Biological Significance of Ascorbic Acid (Vitamin C) in Human Health - A Review},
	author={Khalid, Iqbal and Khan, Alam and Khan Khattak, M Muzaffar Ali},
	journal={Pakistan Journal of Nutrition},
	volume={3},
	pages={5--13},
	year={2004},
	doi={10.3923/pjn.2004.5.13},
	url={https://scialert.net/abstract/?doi=pjn.2004.5.13}
}
@article{2,
	title={Vitamin C Content in Fruits: Biosynthesis and Regulation},
	author={Macknight, Richard C and Laing, William A and Bulley, Sean M and Broad, Ronan C and Wargent, Jason J},
	journal={Frontiers in Plant Science},
	volume={8},
	pages={1--12},
	year={2017},
	publisher={Frontiers}
}
@article{3,
 author = {邹荣},
 title = {不同水果中维生素C含量的测定及其影响因素研究},
 journal = {食品安全导刊},
 volume = {},
 number = {190-192},
 year = {2021},
 issn = {1674-0270},
 doi ={10.16043/j.cnki.cfs.2021.21.093}
 }
@misc{4,
  title = {Orange Nutrition Facts | NatureClaim},
  howpublished = {\url{https://www.natureclaim.com/food/orange}},
  note = {Accessed: 2023-11-30}
}
@article{5,
  title={Vitamin C and the role of citrus juices as functional food},
  author={Visioli, Francesco and Bernardini, Enrico},
  year={2008},
  url={https://pubmed.ncbi.nlm.nih.gov/18468052/}
}
@article{6,
  title={Temperature Effects on Vitamin C Content in Citrus Fruits},
  author={Njoku, PC and Ogbu, IS and Nwachukwu, N},
  year={2011},
  url={https://www.researchgate.net/publication/273249487_Temperature_Effects_on_Vitamin_C_Content_in_Citrus_Fruits}
}