@inproceedings{1,
  title={Investigation of Sn-Bi-In Phase Diagram Calculation and Alloy Properties},
  author={Li Wei},
  booktitle={KUNMING UNIVERSITY OFSCIENCE AND TECHNOLOGY},
  pages={1--98},
  year={2020}
}

