@article{1,
 author = {施良和},
 title = {粘度法测定高聚物分子量实验技术上应该注意的一些问题},
 journal = {化学通报},
 volume = {},
 number = {44-46},
 year = {1961},
 issn = {0441-3776},
 doi ={10.14159/j.cnki.0441-3776.1961.05.008}
 }

@article{2,
 author = {陈金龙,龙永福,杨梅玉},
 title = {粘度法测定高聚物分子量的几种影响因素},
 journal = {吉首大学学报(自然科学版)},
 volume = {},
 number = {72-75},
 year = {1989},
 issn = {1007-2985},
 doi ={}
 }

 @article{3,
 author = {钱人元,张德龢，施良和},
 title = {粘度法测定高聚物的分子量},
 journal = {化学通报},
 volume = {},
 number = {396-409},
 year = {1955},
 issn = {0441-3776},
 doi ={10.14159/j.cnki.0441-3776.1955.07.004}
 }


