@misc{1,
  author = {Ponton, Jack},
  title = {Azeotrope Databank},
  howpublished = {The Edinburgh Collection of Open Software for Simulation and Education, Edinburgh University},
  month = {September},
  year = {2001},
  note = {Original content (Queriable database) archived on 2007-04-24},
}